% This file was created with JabRef 2.10.
% Encoding: UTF-8


@String { gji = {Geophys. J. Int.} }

@Article{CaKoKo88b,
  Title                    = {Wave propagation simulation in a linear viscoelastic medium},
  Author                   = {J. M. Carcione and D. Kosloff and R. Kosloff},
  Journal                  = gji,
  Year                     = {1988},
  Pages                    = {597-611},
  Volume                   = {95}
}

